<?xml version="1.0" encoding="UTF-8"?><collection xmlns="http://www.loc.gov/MARC21/slim"><record><leader>00340nam--2200109-i-4500</leader><controlfield tag="001">000026248</controlfield><controlfield tag="002">20161230</controlfield><controlfield tag="005">20161230201036</controlfield><controlfield tag="008">060222s1000------------r-----000-0-eng-d</controlfield><datafield ind1=" " ind2=" " tag="245"><subfield code="a">Instructiuni 191-64 pentru verificarea comparatoarelor verticale pentru masurarea lungimilor. editie oficiala</subfield></datafield><datafield ind1=" " ind2=" " tag="260"><subfield code="a">Bucuresti, Esip, 1965. 13p</subfield></datafield><datafield ind1=" " ind2=" " tag="852"><subfield code="a">21638</subfield></datafield></record></collection>